@article{yen2004computer,
    title={Computer chinese chess},
    author={Yen, Shi-Jim and Chen, Jr-Chang and Yang, Tai-Ning and Hsu, Shun-Chin},
    journal={ICGA journal},
    volume={27},
    number={1},
    pages={3--18},
    year={2004},
    publisher={IOS Press}
}
@inproceedings{kocsis2006bandit,
  title={Bandit based monte-carlo planning},
  author={Kocsis, Levente and Szepesv{\'a}ri, Csaba},
  booktitle={European conference on machine learning},
  pages={282--293},
  year={2006},
  organization={Springer}
}